% This file was created with JabRef 2.8.1.
% Encoding: UTF8

@MISC{badsc,
  author = {B-ADSc},
  title = {Modélisation des Systèmes Complexes; http://www.b-adsc.com}, 
  url = {http://www.b-adsc.com/}
}
@MISC{gradle,
  author = {FLORENT CHAMPIGNY},
  title = {Maitriser Gradle}, 
  url = {http://tutos-android-france.com/maitriser-gradle-partie-1}
}

@MISC{asyncTask,
  author = {Arnaud Bossmann},
  title = {Les AsyncTask}, 
  url = {http://www.tutos-android.com/asynctask-android-traitement-asynchrone-background}
}

@MISC{provider,
  author = {Benbourahla Nazim},
  title = {ContentProvider sous Android}, 
  url = {http://www.tutos-android.com/contentprovider-android}
}

@MISC{sqlite,
  author = {Lars Vogel},
  title = {Utiliser la base de données Android SQLite}, 
  url = {http://vogella.developpez.com/tutoriels/android/utilisation-base-donnees-sqlite/}
}

@MISC{sharedpreference,
  author = {ANDROID-DEV},
  title = {Utilisation Des Shared Preferences}, 
  url = {http://www.android-dev.fr/utilisation_des_shared_preferences}
}

@MISC{log,
  author = {Cyril Mottier},
  title = {Utilisation Des Log.x}, 
  url = {https://cyrilmottier.com/2009/03/11/utilisation-des-logx/}
}

@MISC{materiel,
  author = {Andr0},
  title = {Principes du Material Design}, 
  url = {https://zestedesavoir.com/tutoriels/839/developper-et-publier-une-app-android-material-design/en-savoir-plus-sur-le-material-design/}
}

@MISC{webservice,
  author = {wikipedia},
  title = {Service web}, 
  url = {https://fr.wikipedia.org/wiki/Service_web}
}

@MISC{crashlytics,
  author = {Antonyyy},
  title = {CRASHLYTICS, LES CRASHS VIENNENT À VOUS}, 
  url = {http://dev-app-mobile.fr/crashlytics-les-crashs-viennent-a-vous/}
}

@MISC{activite,
  author = {IGD, Institut de génie décisionnel},
  title = {Politiques locales de production – Politique globale de l’entreprise}, 
  url = {http://iegd.institut.online.fr/B-ADSc-politiques-de-production-fr.htm}
}

@MISC{domis,
  author = {IGD, Institut de génie décisionnel},
  title = {Pourquoi la modélisation des processus dans les projets d'organisation ?}, 
  url = {http://iegd.institut.online.fr/DoMIS-pourquoi-fr.htm}
}


@MISC{imagevectorielle,
  author = {FLORENT CHAMPIGNY},
  title = {Images Vectorielles}, 
  url = {http://tutos-android-france.com/images-vectorielles/}
}

@MISC{notification,
  author = {Supertos},
  title = {Notification Manager}, 
  url = {http://supertos.free.fr/supertos.php?page=1313}
}
